<?xml version="1.0" encoding="UTF-8"?><collection xmlns="http://www.loc.gov/MARC21/slim"><record><leader>00469nam--2200157-i-4500</leader><controlfield tag="001">000010880</controlfield><controlfield tag="002">20161230</controlfield><controlfield tag="005">20170220003155</controlfield><controlfield tag="008">060222s1000------------r-----000-0-eng-d</controlfield><datafield ind1=" " ind2=" " tag="100"><subfield code="a">Diaconescu, E</subfield></datafield><datafield ind1=" " ind2=" " tag="245"><subfield code="a">Culegere de standarde pentru desen. Pentru scoli profesionale, licee de specialitate si scoli de maistri</subfield></datafield><datafield ind1=" " ind2=" " tag="260"><subfield code="a">Bucuresti</subfield><subfield code="b">Ed.Didact.Si Pedag</subfield><subfield code="c">1973</subfield></datafield><datafield ind1=" " ind2=" " tag="300"><subfield code="a">475 p</subfield></datafield><datafield ind1=" " ind2=" " tag="700"><subfield code="a">Constantinescu, Al</subfield></datafield><datafield ind1=" " ind2=" " tag="852"><subfield code="a">389.6</subfield></datafield><datafield ind1=" " ind2=" " tag="CAT"><subfield code="a">SYS</subfield><subfield code="c">20170220</subfield><subfield code="h">003155</subfield></datafield></record></collection>